@article{Simmonds_2015,
	doi = {10.1016/j.cct.2015.06.012},
	url = {https://doi.org/10.1016%2Fj.cct.2015.06.012},
	year = 2015,
	month = {nov},
	publisher = {Elsevier {BV}},
	volume = {45},
	pages = {76--83},
	author = {Mark Simmonds and Gavin Stewart and Lesley Stewart},
	title = {A decade of individual participant data meta-analyses: A review of current practice},
	journal = {Contemporary Clinical Trials}
}

@article{Royston_2005,
	doi = {10.1002/sim.2331},
	url = {https://doi.org/10.1002%2Fsim.2331},
	year = 2005,
	publisher = {Wiley-Blackwell},
	volume = {25},
	number = {1},
	pages = {127--141},
	author = {Patrick Royston and Douglas G. Altman and Willi Sauerbrei},
	title = {Dichotomizing continuous predictors in multiple regression: a bad idea},
	journal = {Statistics in Medicine}
}

@article{Altman_2006,
	doi = {10.1136/bmj.332.7549.1080},
	url = {https://doi.org/10.1136%2Fbmj.332.7549.1080},
	year = 2006,
	month = {may},
	publisher = {{BMJ}},
	volume = {332},
	number = {7549},
	pages = {1080--1080},
	author = {D. G Altman},
	title = {The cost of dichotomising continuous variables},
	journal = {{BMJ}}
}


@article{Austin_2004,
	doi = {10.1002/sim.1687},
	url = {https://doi.org/10.1002%2Fsim.1687},
	year = 2004,
	publisher = {Wiley-Blackwell},
	volume = {23},
	number = {7},
	pages = {1159--1178},
	author = {Peter C. Austin and Lawrence J. Brunner},
	title = {Inflation of the type I error rate when a continuous confounding variable is categorized in logistic regression analyses},
	journal = {Statistics in Medicine}
}



@article{Maxwell_1993,
	doi = {10.1037/0033-2909.113.1.181},
	url = {https://doi.org/10.1037%2F0033-2909.113.1.181},
	year = 1993,
	publisher = {American Psychological Association ({APA})},
	volume = {113},
	number = {1},
	pages = {181--190},
	author = {Scott E. Maxwell and Harold D. Delaney},
	title = {Bivariate median splits and spurious statistical significance.},
	journal = {Psychological Bulletin}
}



@article{Weinberg_1995,
	doi = {10.1097/00001648-199507000-00002},
	url = {https://doi.org/10.1097%2F00001648-199507000-00002},
	year = 1995,
	month = {jul},
	publisher = {Ovid Technologies (Wolters Kluwer Health)},
	volume = {6},
	number = {4},
	pages = {345--346},
	author = {CR Weinberg},
	title = {How Bad Is Categorization?},
	journal = {Epidemiology}
}


@article{Zeileis_2008,
	doi = {10.1198/106186008x319331},
	url = {https://doi.org/10.1198%2F106186008x319331},
	year = 2008,
	month = {jun},
	publisher = {Informa {UK} Limited},
	volume = {17},
	number = {2},
	pages = {492--514},
	author = {Achim Zeileis and Torsten Hothorn and Kurt Hornik},
	title = {Model-Based Recursive Partitioning},
	journal = {Journal of Computational and Graphical Statistics}
}

@article{Seibold_2016,

author = {Seibold, Heidi and Hothorn, Torsten and Zeileis, Achim},

year = {2016},

month = {12},

pages = {},

title = {Generalised Linear Model Trees with Global Additive Effects}

}

@article{Su_2009,
	doi = {10.2139/ssrn.1341380},
	url = {https://doi.org/10.2139%2Fssrn.1341380},
	year = 2009,
	publisher = {Elsevier {BV}},
	author = {Xiaogang Su and Chih-Ling Tsai and Hansheng Wang and David M. Nickerson and Bogong Li},
	title = {Subgroup Analysis via Recursive Partitioning},
	journal = {{SSRN} Electronic Journal}
}

@article{Mistry_2018,
	doi = {10.1002/sim.7609},
	url = {https://doi.org/10.1002%2Fsim.7609},
	year = 2018,
	month = {jan},
	publisher = {Wiley-Blackwell},
	author = {Dipesh Mistry and Nigel Stallard and Martin Underwood},
	title = {A recursive partitioning approach for subgroup identification in individual patient data meta-analysis},
	journal = {Statistics in Medicine}
}

@article{Fokkema_2017,
	doi = {10.3758/s13428-017-0971-x},
	url = {https://doi.org/10.3758%2Fs13428-017-0971-x},
	year = 2017,
	month = {oct},
	publisher = {Springer Nature},
	author = {M. Fokkema and N. Smits and A. Zeileis and T. Hothorn and H. Kelderman},
	title = {Detecting treatment-subgroup interactions in clustered data with generalized linear mixed-effects model trees},
	journal = {Behavior Research Methods}
}

@article{Wang_2016,
	doi = {10.1002/sim.6958},
	url = {https://doi.org/10.1002%2Fsim.6958},
	year = 2016,
	month = {apr},
	publisher = {Wiley-Blackwell},
	volume = {35},
	number = {21},
	pages = {3704--3716},
	author = {Xin Victoria Wang and Bernard Cole and Marco Bonetti and Richard D. Gelber},
	title = {Meta-{STEPP}: subpopulation treatment effect pattern plot for individual patient data meta-analysis},
	journal = {Statistics in Medicine}
}

@article{Liu_2018,
	doi = {10.1016/j.numecd.2018.07.004},
	url = {https://doi.org/10.1016%2Fj.numecd.2018.07.004},
	year = 2018,
	month = {nov},
	publisher = {Elsevier {BV}},
	volume = {28},
	number = {11},
	pages = {1092--1099},
	author = {X. Liu and D. Zhang and Y. Liu and X. Sun and Y. Hou and B. Wang and Y. Ren and Y. Zhao and C. Han and C. Cheng and F. Liu and Y. Shi and X. Chen and L. Liu and G. Chen and S. Hong and M. Zhang and D. Hu},
	title = {A J-shaped relation of {BMI} and stroke: Systematic review and dose{\textendash}response meta-analysis of 4.43 million participants},
	journal = {Nutrition, Metabolism and Cardiovascular Diseases}
}


@article{Akaike_1973,
	doi = {10.2307/2334537},
	url = {https://doi.org/10.2307%2F2334537},
	year = 1973,
	month = {aug},
	publisher = {{JSTOR}},
	volume = {60},
	number = {2},
	pages = {255},
	author = {Hirotugu Akaike},
	title = {Maximum Likelihood Identification of Gaussian Autoregressive Moving Average Models},
	journal = {Biometrika}
}

@article{Schwarz_1978,
	doi = {10.1214/aos/1176344136},
	url = {https://doi.org/10.1214%2Faos%2F1176344136},
	year = 1978,
	month = {mar},
	publisher = {Institute of Mathematical Statistics},
	volume = {6},
	number = {2},
	pages = {461--464},
	author = {Gideon Schwarz},
	title = {Estimating the Dimension of a Model},
	journal = {The Annals of Statistics}
}

@article{Royston_1994,
	doi = {10.2307/2986270},
	url = {https://doi.org/10.2307%2F2986270},
	year = 1994,
	publisher = {{JSTOR}},
	volume = {43},
	number = {3},
	pages = {429},
	author = {Patrick Royston and Douglas G. Altman},
	title = {Regression Using Fractional Polynomials of Continuous Covariates: Parsimonious Parametric Modelling},
	journal = {Applied Statistics}
}

@article{Royston_2004,
	doi = {10.1002/sim.1815},
	url = {https://doi.org/10.1002%2Fsim.1815},
	year = 2004,
	month = {jul},
	publisher = {Wiley},
	volume = {23},
	number = {16},
	pages = {2509--2525},
	author = {Patrick Royston and Willi Sauerbrei},
	title = {A new approach to modelling interactions between treatment and continuous covariates in clinical trials by using fractional polynomials},
	journal = {Statistics in Medicine}
}

@article{Sauerbrei_2011,
	doi = {10.1002/sim.4333},
	url = {https://doi.org/10.1002%2Fsim.4333},
	year = 2011,
	month = {sep},
	publisher = {Wiley-Blackwell},
	volume = {30},
	number = {28},
	pages = {3341--3360},
	author = {Willi Sauerbrei and Patrick Royston},
	title = {A new strategy for meta-analysis of continuous covariates in observational studies},
	journal = {Statistics in Medicine}
}


@article{Debray_2015,
	doi = {10.1002/jrsm.1160},
	url = {https://doi.org/10.1002%2Fjrsm.1160},
	year = 2015,
	month = {aug},
	publisher = {Wiley},
	volume = {6},
	number = {4},
	pages = {293--309},
	author = {Thomas P. A. Debray and Karel G. M. Moons and Gert van Valkenhoef and Orestis Efthimiou and Noemi Hummel and Rolf H. H. Groenwold and Johannes B. Reitsma and},
	title = {Get real in individual participant data ({IPD}) meta-analysis: a review of the methodology},
	journal = {Research Synthesis Methods}
}

@article{Simmonds_2007,
	doi = {10.1002/sim.2768},
	url = {https://doi.org/10.1002%2Fsim.2768},
	year = 2007,
	publisher = {Wiley-Blackwell},
	volume = {26},
	number = {15},
	pages = {2982--2999},
	author = {M. C. Simmonds and J. P. T. Higgins},
	title = {Covariate heterogeneity in meta-analysis: Criteria for deciding between meta-regression and individual patient data},
	journal = {Statistics in Medicine}
}

@article{Wang_2016,
	doi = {10.1002/sim.6958},
	url = {https://doi.org/10.1002%2Fsim.6958},
	year = 2016,
	month = {apr},
	publisher = {Wiley-Blackwell},
	volume = {35},
	number = {21},
	pages = {3704--3716},
	author = {Xin Victoria Wang and Bernard Cole and Marco Bonetti and Richard D. Gelber},
	title = {Meta-{STEPP}: subpopulation treatment effect pattern plot for individual patient data meta-analysis},
	journal = {Statistics in Medicine}
}

@article{Wang_2018,
	doi = {10.1002/jrsm.1288},
	url = {https://doi.org/10.1002%2Fjrsm.1288},
	year = 2018,
	month = {jan},
	publisher = {Wiley},
	volume = {9},
	number = {2},
	pages = {312--317},
	author = {Xin Victoria Wang and Bernard Cole and Marco Bonetti and Richard D. Gelber},
	title = {Meta-{STEPP} with random effects},
	journal = {Research Synthesis Methods}
}


@article{hastie1986,
author = "Hastie, Trevor and Tibshirani, Robert",
doi = "10.1214/ss/1177013604",
fjournal = "Statistical Science",
journal = "Statist. Sci.",
month = "08",
number = "3",
pages = "297--310",
publisher = "The Institute of Mathematical Statistics",
title = "Generalized Additive Models",
url = "https://doi.org/10.1214/ss/1177013604",
volume = "1",
year = "1986"
}


@article{Cleveland_1979,
	doi = {10.2307/2286407},
	url = {https://doi.org/10.2307%2F2286407},
	year = 1979,
	month = {dec},
	publisher = {{JSTOR}},
	volume = {74},
	number = {368},
	pages = {829},
	author = {William S. Cleveland},
	title = {Robust Locally Weighted Regression and Smoothing Scatterplots},
	journal = {Journal of the American Statistical Association}
}



@book{de_Boor_1978,
	doi = {10.1007/978-1-4612-6333-3},
	url = {https://doi.org/10.1007%2F978-1-4612-6333-3},
	year = 1978,
	publisher = {Springer New York},
	author = {Carl de Boor},
	title = {A Practical Guide to Splines}
}



@article{Rovers_2006,
	doi = {10.1016/s0140-6736(06)69606-2},
	url = {https://doi.org/10.1016%2Fs0140-6736%2806%2969606-2},
	year = 2006,
	month = {oct},
	publisher = {Elsevier {BV}},
	volume = {368},
	number = {9545},
	pages = {1429--1435},
	author = {Maroeska M Rovers and Paul Glasziou and Cees L Appelman and Peter Burke and David P McCormick and Roger A Damoiseaux and Isabelle Gaboury and Paul Little and Arno W Hoes},
	title = {Antibiotics for acute otitis media: a meta-analysis with individual patient data},
	journal = {The Lancet}
}



@article{Gevers_2013,
	doi = {10.1053/j.gastro.2013.04.055},
	url = {https://doi.org/10.1053%2Fj.gastro.2013.04.055},
	year = 2013,
	month = {aug},
	publisher = {Elsevier {BV}},
	volume = {145},
	number = {2},
	pages = {357--365.e2},
	author = {Tom J.G. Gevers and Joanna Inthout and Anna Caroli and Piero Ruggenenti and Marie C. Hogan and Vicente E. Torres and Frederik Nevens and Joost P.H. Drenth},
	title = {Young Women With Polycystic Liver Disease Respond Best to Somatostatin Analogues: A Pooled Analysis of Individual Patient Data},
	journal = {Gastroenterology}
}

@book{de_Boor_1978,
	doi = {10.1007/978-1-4612-6333-3},
	url = {https://doi.org/10.1007%2F978-1-4612-6333-3},
	year = 1978,
	publisher = {Springer New York},
	author = {Carl de Boor},
	title = {A Practical Guide to Splines}
}


@article{Dierckx_1993,
	doi = {10.5860/choice.31-2162},
	url = {https://doi.org/10.5860%2Fchoice.31-2162},
	year = 1993,
	month = {dec},
	publisher = {American Library Association},
	volume = {31},
	number = {04},
	pages = {31--2162--31--2162},
	title = {Curve and surface fitting with splines},
	journal = {Choice Reviews Online}
}

@article{Reinsch_1967,
	doi = {10.1007/bf02162161},
	url = {https://doi.org/10.1007%2Fbf02162161},
	year = 1967,
	month = {oct},
	publisher = {Springer Science and Business Media {LLC}},
	volume = {10},
	number = {3},
	pages = {177--183},
	author = {Christian H. Reinsch},
	title = {Smoothing by spline functions},
	journal = {Numerische Mathematik}
}

@article{O_Sullivan_1986,
	doi = {10.1214/ss/1177013525},
	url = {https://doi.org/10.1214%2Fss%2F1177013525},
	year = 1986,
	month = {nov},
	publisher = {Institute of Mathematical Statistics},
	volume = {1},
	number = {4},
	pages = {502--518},
	author = {Finbarr O'Sullivan},
	title = {A Statistical Perspective on Ill-Posed Inverse Problems},
	journal = {Statistical Science}
}

@article{O_Sullivan_1988,
	doi = {10.1137/0909024},
	url = {https://doi.org/10.1137%2F0909024},
	year = 1988,
	month = {mar},
	publisher = {Society for Industrial {\&} Applied Mathematics ({SIAM})},
	volume = {9},
	number = {2},
	pages = {363--379},
	author = {Finbarr O'Sullivan},
	title = {Fast Computation of Fully Automated Log-Density and Log-Hazard Estimators},
	journal = {{SIAM} Journal on Scientific and Statistical Computing}
}


@article{Eilers_1996,
	doi = {10.1214/ss/1038425655},
	url = {https://doi.org/10.1214%2Fss%2F1038425655},
	year = 1996,
	month = {may},
	publisher = {Institute of Mathematical Statistics},
	volume = {11},
	number = {2},
	pages = {89--121},
	author = {Paul H. C. Eilers and Brian D. Marx},
	title = {Flexible smoothing with B -splines and penalties},
	journal = {Statistical Science}
}

####
